@article{zhu2012second,
  title={A second-order virtual node algorithm for nearly incompressible linear elasticity in irregular domains},
  author={Zhu, Yongning and Wang, Yuting and Hellrung, Jeffrey and Cantarero, Alejandro and Sifakis, Eftychios and Teran, Joseph M},
  journal={Journal of Computational Physics},
  volume={231},
  number={21},
  pages={7092--7117},
  year={2012},
  publisher={Elsevier}
}
@article{sethian2003level,
  title={Level set methods for fluid interfaces},
  author={Sethian, James A and Smereka, Peter},
  journal={Annual review of fluid mechanics},
  volume={35},
  number={1},
  pages={341--372},
  year={2003},
  publisher={Annual Reviews 4139 El Camino Way, PO Box 10139, Palo Alto, CA 94303-0139, USA}
}